<collection xmlns="http://www.loc.gov/MARC21/slim">
<record>
  <leader>01250nam0a22002051i 450 </leader>
  <controlfield tag="001">IT\ICCU\CNCE\066770</controlfield>
  <controlfield tag="005">20060925000000.0</controlfield>
  <datafield tag="012" ind1=" " ind2=" ">
    <subfield code="a">s-t* nia- exe- esiu (C) 1561 (Q)</subfield>
    <subfield code="2">fei</subfield>
  </datafield>
  <datafield tag="100" ind1=" " ind2=" ">
    <subfield code="a">20060907f1561        0itac0103    ba</subfield>
  </datafield>
  <datafield tag="101" ind1=" " ind2=" ">
    <subfield code="a">LAT</subfield>
  </datafield>
  <datafield tag="102" ind1=" " ind2=" ">
    <subfield code="a">IT</subfield>
  </datafield>
  <datafield tag="200" ind1="1" ind2=" ">
    <subfield code="a">Reuocatio omnium indulgentiarum, quaestarum, &amp; aliarum facultatum, quae deferuntur per commissarios, cum reductione illarum ad uisitantes personaliter Ecclesias originales</subfield>
  </datafield>
  <datafield tag="210" ind1=" " ind2=" ">
    <subfield code="d">\1561!</subfield>
  </datafield>
  <datafield tag="215" ind1=" " ind2=" ">
    <subfield code="a">\2! c.</subfield>
    <subfield code="d">fol</subfield>
  </datafield>
  <datafield tag="300" ind1=" " ind2=" ">
    <subfield code="a">Cfr. Catalogo delle edizioni romane di Antonio Blado asolano ed eredi, Roma 1891, n. 269. -  Tit. dall&apos;intitolazione. -  Nel tit. 4. espresso IIII. -  La data si desume dal datum: Romae ... septimo Calen. Mai anno secondo (del ponteficato di Pio IV). -  Documento erroneamente stampato (il testo si legge: A1r, A2r, A1v e A2v). -  Rom. ; got. -  Segn.: A2. -  A c. A1r, in cornici ovali, stemma di papa Pio IV (Giovan Angelo de&apos; Medici) e ai lati s. Pietro e s. Paolo. -  Iniziale e ill. xil.ANNULLATA: cfr.ID. 42079</subfield>
  </datafield>
  <datafield tag="620" ind1=" " ind2=" ">
    <subfield code="a">IT</subfield>
    <subfield code="d">Roma</subfield>
  </datafield>
  <datafield tag="700" ind1=" " ind2="0">
    <subfield code="a">Pius</subfield>
    <subfield code="c"> &lt;papa</subfield>
    <subfield code="c"> ; 4.&gt;</subfield>
    <subfield code="3">IT\ICCU\CNCA\002203</subfield>
  </datafield>
  <datafield tag="712" ind1="0" ind2="2">
    <subfield code="a">s.n.</subfield>
    <subfield code="3">IT\ICCU\CNCT\000002</subfield>
    <subfield code="4">650</subfield>
  </datafield>
  <datafield tag="790" ind1=" " ind2="1">
    <subfield code="a">Medici,</subfield>
    <subfield code="b">Giovanni Angelo</subfield>
    <subfield code="3">IT\ICCU\CNCA\014648</subfield>
    <subfield code="z">Pius &lt;papa ; 4.&gt;</subfield>
  </datafield>
  <datafield tag="801" ind1=" " ind2="3">
    <subfield code="a">IT</subfield>
    <subfield code="b">ICCU</subfield>
    <subfield code="c">20201115</subfield>
  </datafield>
</record>
</collection>
